@manual{abntex2classe,
	Author = {Lauro C{\'e}sar Araujo},
	Date-Added = {2013-01-09 10:37:38 +0000},
	Date-Modified = {2015-04-27 22:42:47 +0000},
	Organization = {Equipe abnTeX2},
	Title = {A classe abntex2: Modelo can{\^o}nico de trabalhos acad{\^e}micos brasileiros compat{\'\i}vel com as normas ABNT NBR 14724:2011, ABNT NBR 6024:2012 e outras},
	Url = {http://www.abntex.net.br/},
	Year = {2015},
	Bdsk-Url-1 = {http://www.abntex.net.br/}}
@manual{NBR10520:2002,
	Address = {Rio de Janeiro},
	Date-Added = {2012-12-15 21:43:38 +0000},
	Date-Modified = {2013-01-12 22:17:20 +0000},
	Month = {ago.},
	Org-Short = {ABNT},
	Organization = {Associa{\c c}\~ao Brasileira de Normas T\'ecnicas},
	Pages = 7,
	Subtitle = {Informa{\c c}\~ao e documenta{\c c}\~ao --- Apresenta{\c c}\~ao de cita{\c c}\~oes em documentos},
	Title = {{NBR} 10520},
	Year = 2002}
@manual{abntex2cite,
	Annote = {Este documento {\'e} derivado do \cite{abnt-bibtex-doc}},
	Author = {Lauro C{\'e}sar Araujo},
	Date-Added = {2013-01-09 10:37:45 +0000},
	Date-Modified = {2015-04-27 22:43:38 +0000},
	Organization = {Equipe abnTeX2},
	Title = {O pacote abntex2cite: Estilos bibliogr{\'a}ficos compat{\'\i}veis com a ABNT NBR 6023},
	Url = {http://www.abntex.net.br/},
	Year = {2015},
	Bdsk-Url-1 = {http://www.abntex.net.br/}}
@manual{abntex2cite-alf,
	Annote = {Este documento {\'e} derivado do \cite{abnt-bibtex-alf-doc}},
	Author = {Lauro C{\'e}sar Araujo},
	Date-Added = {2013-01-09 10:37:45 +0000},
	Date-Modified = {2015-04-27 22:43:44 +0000},
	Organization = {Equipe abnTeX2},
	Title = {O pacote abntex2cite: t{\'o}picos espec{\'\i}ficos da ABNT NBR 10520:2002 e o estilo bibliogr{\'a}fico alfab{\'e}tico (sistema autor-data)},
	Url = {http://www.abntex.net.br/},
	Year = {2015},
	Bdsk-Url-1 = {http://www.abntex.net.br/}}
@manual{memoir,
	Address = {Normandy Park, WA},
	Author = {Peter Wilson and Lars Madsen},
	Date-Added = {2013-01-09 10:37:50 +0000},
	Date-Modified = {2013-03-21 13:23:25 +0000},
	Organization = {The Herries Press},
	Title = {The Memoir Class for Configurable Typesetting - User Guide},
	Url = {http://mirrors.ctan.org/macros/latex/contrib/memoir/memman.pdf},
	Urlaccessdate = {19 dez. 2012},
	Year = {2010},
	Bdsk-Url-1 = {http://ctan.tche.br/macros/latex/contrib/memoir/memman.pdf}}
@book{gomes1998,
 abnt-6023-2000-section = {7.1.3-1},
 author  ={Gomes, L. G. F. F},
 title   ={Novela e sociedade no Brasil},
 address ={Niter\'oi},
 publisher={EdUFF},
 year    ={1998},
 pages   =137,
 dimensions={21~cm},
 series  ={Cole{\c c}\~ao Antropologia e Ci\^encia Pol{\'\i}tica},
 number  =15,
 note    ={Bibliografia: p. 131--132},
 isbn    ={85-228-0268-8}}
@book{FUNDAP1994,
 abnt-6023-2000-section = {7.1.3-2},
 title   ={Perfil da administra{\c c}\~ao p\'ublica paulista},
 edition ={6},
 address ={S\~ao Paulo},
 publisher={FUNDAP},
 year    =1994,
 pages   =317,
 dimensions={28~cm},
 note    ={Inclui {\'\i}ndice},
 isbn    ={85-7285-026-0}}
@phdthesis{barcelos1998,
 abnt-6023-2000-section = {7.1.3-3},
 author  ={M. F. P. Barcelos},
 title   ={Ensaio tecnol\'ogico, bioqu{\'\i}mico e sensorial de soja e gandu
          enlatados no est\'agio verde e matura{\c c}\~ao de colheita},
 type    ={Doutorado em Nutri{\c c}\~ao},
 year    =1998,
 school  ={Faculdade de Engenharia de Alimentos, Universidade Estadual de Campinas},
 address ={Campinas},
 pages   =160,
 pagename={f.}}
@incollection{romano1996,
 abnt-6023-2000-section = {7.2.2-1},
 author  ={G. Romano},
 title   ={Imagens da juventude na era moderna},
 editor  ={G. Levi and J. Schmidt},
 editortype={Org.},
 booktitle={Hist\'oria dos jovens 2},
 booksubtitle={a \'epoca contempor\^anea},
 address ={S\~ao Paulo},
 publisher={Companhia das Letras},
 year    ={1996},
 pages   ={7-16}}
@inbook{santos1994,
 abnt-6023-2000-section = {7.2.2-2},
 author  ={dos Santos, Fernando Rodrigues},
 title   ={A coloniza{\c c}\~ao da terra do Tucuj\'us},
 booktitle={Hist\'oria do Amap\'a, {1$^o$} grau},
 edition =2,
 address ={Macap\'a},
 publisher={Valcan},
 year    =1994,
 chapter =3,
 pages   ={15-24}}
@book{koogan1998,
 abnt-6023-2000-section = {7.3.2-1},
 editor  ={A. Koogan and A. Houaiss},
 title   ={Enciclop\'edia e dicion\'ario digital 98},
 furtherresp={Dire{\c c}\~ao geral de Andr\'e Koogan Breikman},
 address ={S\~ao Paulo},
 publisher={Delta: Estad\~ao},
 year    =1998,
 note    ={5 CD-ROM. Produzida por Videolar Multim{\'\i}dia}}
@inbook{priberam1998,
 abnt-6023-2000-section = {7.3.2-2},
 title   ={Pol{\'\i}tica},
 booktitle={Dicion\'ario da l{\'\i}ngua portuguesa},
 address ={Lisboa},
 publisher={Priberam Inform\'atica},
 year    =1998,
 url     ={http://www.priberam.pt/dlDLPO},
 urlaccessdate={8 mar. 1999}}
@inbook{secretaria1999,
 abnt-6023-2000-section = {7.3.2-3},
 organization={S\~ao Paulo {(Estado). Secretaria do Meio Ambiente}},
 title   ={Tratados e organiza{\c c}\~oes ambientais em mat\'eria de
          meio ambiente},
 booktitle={Entendendo o meio ambiente},
 address ={S\~ao Paulo},
 volume  =1,
 url     ={http://www.bdt.org.br/sma/entendendo/atual.htm},
 urlaccessdate={8 mar. 1999},
 year    =1999}
@book{brasileira1939,
 abnt-6023-2000-section = {7.4.1.3-1},
 organization={Revista Brasileira de Geografia},
 address ={Rio de Janeiro},
 publisher={IBGE},
 note    ={Trimestral. Absorveu Boletim Geogr\'afico do IBGE. \'Indice acumulado.
          1939--1983},
 year    ={1939--},
 issn    ={0034-723X}}
@book{geografico1943,
 abnt-6023-2000-section = {7.4.1.3-2},
 organization={Boletim Geogr\'afico},
 address ={Rio de Janeiro},
 publisher={IBGE},
 year    ={1943-1978},
 note    ={Trimestral}}
@book{paulista1941,
 abnt-6023-2000-section = {7.4.1.3-3},
 organization={S\~ao Paulo Medical Journal=Revista Paulista de Medicina},
 address ={S\~ao Paulo},
 publisher={Associa{\c c}\~ao Paulista de Medicina},
 year    ={1941-},
 note    ={Bimensal},
 issn    ={0035-0362},
 abnt-note={O sinal de igualdade \'e do jeito que est\'a no exemplo da `norma'.}}
@journalpart{fgv1984,
 abnt-6023-2000-section = {7.4.2-1},
 title   ={Conjuntura Econ\^omica. As 500 maiores empresas do Brasil},
 address ={Rio de Janeiro},
 publisher={FGV},
 volume  =38,
 number  =9,
 month   =sep,
 year    =1984,
 pages   =135,
 note    ={Edi{\c c}\~ao Especial}}
@article{costa1998,
 abnt-6023-2000-section = {7.4.2.1-1},
 author  ={V. R. Costa},
 title   ={{\`A} Margem da lei: o Programa Comunidade Solid\'aria},
 journal ={Em Pauta},
 section ={Revista da Faculdade de Servi{\c c}o Social da UERJ},
 address ={Rio de Janeiro},
 number  =12,
 pages   ={131-148},
 year    =1998}}
@proceedings{redes1995,
 abnt-6023-2000-section = {7.5.1.2-1},
 organization={Simp\'osio Brasileiro de Redes de Computadores},
 conference-number=13,
 conference-location={Belo Horizonte},
 conference-year=1995,
 year    =1995,
 address ={Belo Horizonte},
 title   ={Anais...},
 publisher={UFMG},
 pages   =655}
@inproceedings{martin1997,
 abnt-6023-2000-section = {7.5.2.2-1},
 author      ={Martin, Neto, L. and C. Bayer and J. Mielniczuk},
 title       ={Altera{\c c}\~oes qualitativas da mat\'eria org\^anica e os
              fatores determinantes da sua estabilidade num solo podz\'olico
              vermelho-escuro em diferentes sistemas de manejo},
 organization={Congresso Brasileiro de Ci\^encia do Solo},
 conference-number=26,
 conference-year=1997,
 conference-location={Rio de Janeiro},
 booktitle   ={Resumos...},
 address     ={Rio de Janeiro},
 publisher   ={Sociedade Brasileira de Ci\^encia do Solo},
 year        =1997,
 pages       =443,
 note        ={ref. 6--141},
 abnt-note   ={No original: `p. 443, ref. 6-141' em vez de `p. 443. ref. 6-141'.}}
@patent{cruvinel1989,
 abnt-6023-2000-section = {7.6},
 organization={Embrapa. {Unidade de Apoio, Pesquisa e Desenvolvimento de Instrumenta{\c c}\~ao
             Agropecu\'aria (S\~ao Carlos)}},
 author={Paulo Estev{\~a}o Cruvinel},
 title   ={Medidor digital multisensorial de temperatura para solos},
 number  ={BR n. PI 8903105-9},
 howpublished={26 jun. 1989, 30 maio 1995}}
@misc{kobayashi1998,
 abnt-6023-2000-section = {7.9.3-1},
 author   ={K. Kobayashi},
 title    ={Doen{\c c}a dos xavantes},
 year     =1980,
 note     ={1 fot., color. 16 cm$\times$56 cm}}
@article{fraipont1998,
 abnt-6023-2000-section = {7.9.3-2},
 author   ={Fraipont, E. Amiclar {II}},
 journal  ={O Estado de S.\ Paulo},
 address  ={S\~ao Paulo},
 month    ={30 nov.},
 year     =1998,
 note     ={Caderno 2, Visuais p. D2. 1 fot., p\&b.
           Foto apresentada no Projeto ABRA/Coca-cola},
 abnt-note={N\~ao \'e poss{\'\i}vel saber o que vem a ser o ``II'' (ou
           seria ``Ll''?) no nome.}}
@book{michalany1981,
 abnt-6023-2000-section = {7.10-3},
 title   ={Brasil e parte da Am\'erica do Sul},
 subtitle={mapa pol\'itico, escolar, rodovi\'ario, tur{\'\i}stico e regional},
 address ={S\~ao Paulo},
 publisher={Michalany},
 year    ={1981},
 note    ={1 mapa, color., 79~cm$\times$95~cm. Escala 1:600.000}}
@manual{geografico1986,
 abnt-6023-2000-section = {7.10-4},
 organization={Instituto Geogr\'afico e Cartogr\'afico {(S\~ao Paulo, SP)}},
 title   ={Projeto Lins Tup\~a},
 subtitle={foto a\'erea},
 address ={S\~ao Paulo},
 year    =1986,
 note    ={Fx~28, n.~15. Escala 1:35.000}}
@misc{espaciais1987,
 abnt-6023-2000-section = {7.10-5},
 title   ={Landsat {TM} 5},
 address ={S\~ao Jos\'e dos Campos},
 publisher={Instituto Nacional de Pesquisas Espaciais},
 year    ={1987--1988},
 howpublished={Canais 3, 4 e composi{\c c}\~ao colorida 3, 4 e 5.
          Escala 1:100.000}}
